<record><leader>00000cas a22000007a 4500</leader><controlfield tag="001">9709674</controlfield><controlfield tag="008">830716d18861897ohudn ne      0    0eng d</controlfield><datafield ind1=" " ind2=" " tag="010"><subfield code="a">sn 83035359 </subfield></datafield><datafield ind1=" " ind2=" " tag="040"><subfield code="a">NPY</subfield><subfield code="b">eng</subfield><subfield code="c">NPY</subfield><subfield code="d">PPM</subfield><subfield code="d">ONP</subfield><subfield code="d">OCLCQ</subfield></datafield><datafield ind1=" " ind2=" " tag="042"><subfield code="a">msc</subfield></datafield><datafield ind1="0" ind2="0" tag="245"><subfield code="a">Hamilton daily Democrat.</subfield></datafield><datafield ind1=" " ind2=" " tag="260"><subfield code="a">Hamilton, Ohio :</subfield><subfield code="b">J.K. Aydelotte &amp; Co.,</subfield><subfield code="c">1886-1897.</subfield></datafield><datafield ind1=" " ind2=" " tag="300"><subfield code="a">v. :</subfield><subfield code="b">ill. ;</subfield><subfield code="c">56 cm.</subfield></datafield><datafield ind1=" " ind2=" " tag="310"><subfield code="a">Daily (except Sun.),</subfield><subfield code="b">Jan. 3, 1887-Nov. 27, 1897</subfield></datafield><datafield ind1=" " ind2=" " tag="321"><subfield code="a">Daily (except Sat. &amp; Sun.),</subfield><subfield code="b">Dec. 20, 1886-Dec. 31, 1886</subfield></datafield><datafield ind1="0" ind2=" " tag="362"><subfield code="a">Vol. 1, no. 1 (Dec. 20, 1886)-v. 11, no. 278 (Nov. 27, 1897).</subfield></datafield><datafield ind1=" " ind2=" " tag="500"><subfield code="a">Published by the Butler County Democrat Co. from Nov. 11, 1887-1897.</subfield></datafield><datafield ind1=" " ind2=" " tag="580"><subfield code="a">Weekly ed.: Butler County Democrat (Hamilton, Ohio : 1876).</subfield></datafield><datafield ind1=" " ind2=" " tag="752"><subfield code="a">United States</subfield><subfield code="b">Ohio</subfield><subfield code="c">Butler</subfield><subfield code="d">Hamilton.</subfield></datafield><datafield ind1="1" ind2=" " tag="775"><subfield code="t">Butler County Democrat (Hamilton, Ohio : 1876)</subfield></datafield><datafield ind1="0" ind2="0" tag="785"><subfield code="t">Hamilton evening Democrat</subfield><subfield code="w">(DLC)sn 88077319</subfield></datafield></record>